@article{fernandes2014constructive,
  title={Constructive Autoassociative Neural Network for Facial Recognition},
  author={Fernandes, Bruno JT and Cavalcanti, George DC and Ren, Tsang I},
  journal={PloS one},
  volume={9},
  number={12},
  pages={e115967},
  year={2014},
  publisher={Public Library of Science}
}

@article{parekh2000constructive,
  title={Constructive neural-network learning algorithms for pattern classification},
  author={Parekh, Rajesh and Yang, Jihoon and Honavar, Vasant},
  journal={Neural Networks, IEEE Transactions on},
  volume={11},
  number={2},
  pages={436--451},
  year={2000},
  publisher={IEEE}
}

@article{sharma2010constructive,
  title={Constructive neural networks: a review},
  author={Sharma, Sudhir Kumar and Chandra, Pravin},
  journal={International journal of engineering science and technology},
  volume={2},
  number={12},
  pages={7847--7855},
  year={2010}
}

@article{hornik1989multilayer,
  title={Multilayer feedforward networks are universal approximators},
  author={Hornik, Kurt and Stinchcombe, Maxwell and White, Halbert},
  journal={Neural networks},
  volume={2},
  number={5},
  pages={359--366},
  year={1989},
  publisher={Elsevier}
}

@article{baum1989proposal,
  author    = {Eric B. Baum},
  title     = {A Proposal for More Powerful Learning Algorithms},
  journal   = {Neural Computation},
  volume    = {1},
  number    = {2},
  pages     = {201--207},
  year      = {1989},
  url       = {http://dx.doi.org/10.1162/neco.1989.1.2.201},
  doi       = {10.1162/neco.1989.1.2.201},
  timestamp = {Tue, 10 Mar 2015 10:35:10 +0100},
  biburl    = {http://dblp.uni-trier.de/rec/bib/journals/neco/Baum89},
  bibsource = {dblp computer science bibliography, http://dblp.org}
}

@article{spratling2009unsupervised,
  author    = {Michael W. Spratling and
               Kris De Meyer and
               R. Kompass},
  title     = {Unsupervised Learning of Overlapping Image Components Using Divisive
               Input Modulation},
  journal   = {Comp. Int. and Neurosc.},
  volume    = {2009},
  year      = {2009},
  url       = {http://dx.doi.org/10.1155/2009/381457},
  doi       = {10.1155/2009/381457},
  timestamp = {Tue, 24 May 2011 12:38:22 +0200},
  biburl    = {http://dblp.uni-trier.de/rec/bib/journals/cin/SpratlingMK09},
  bibsource = {dblp computer science bibliography, http://dblp.org}
}

@article{spratling2008predictive,
  title={Predictive coding as a model of biased competition in visual attention},
  author={Spratling, Michael W},
  journal={Vision research},
  volume={48},
  number={12},
  pages={1391--1408},
  year={2008},
  publisher={Pergamon}
}

@article{spratling2012unsupervised,
  author    = {Michael W. Spratling},
  title     = {Unsupervised Learning of Generative and Discriminative Weights Encoding
               Elementary Image Components in a Predictive Coding Model of Cortical
               Function},
  journal   = {Neural Computation},
  volume    = {24},
  number    = {1},
  pages     = {60--103},
  year      = {2012},
  url       = {http://dx.doi.org/10.1162/NECO_a_00222},
  doi       = {10.1162/NECO_a_00222},
  timestamp = {Tue, 17 Jan 2012 12:36:52 +0100},
  biburl    = {http://dblp.uni-trier.de/rec/bib/journals/neco/Spratling12},
  bibsource = {dblp computer science bibliography, http://dblp.org}
}

@incollection{spratling2014predictive,
  author    = {Michael W. Spratling},
  title     = {Predictive Coding},
  booktitle = {Encyclopedia of Computational Neuroscience},
  year      = {2014},
  crossref  = {DBLP:reference/cn/2014},
  url       = {http://dx.doi.org/10.1007/978-1-4614-7320-6_509-6},
  doi       = {10.1007/978-1-4614-7320-6_509-6},
  timestamp = {Tue, 10 Feb 2015 11:16:11 +0100},
  biburl    = {http://dblp.uni-trier.de/rec/bib/reference/cn/Spratling14},
  bibsource = {dblp computer science bibliography, http://dblp.org}
}

@article{kwok1997objective,
  title={Objective functions for training new hidden units in constructive neural networks},
  author={Kwok, Tin-Yau and Yeung, Dit-Yan},
  journal={Neural Networks, IEEE Transactions on},
  volume={8},
  number={5},
  pages={1131--1148},
  year={1997},
  publisher={IEEE}
}
