@article{spratling2009unsupervised,
  title={Unsupervised learning of overlapping image components using divisive input modulation},
  author={Spratling, Michael W and De Meyer, Kris and Kompass, R},
  journal={Computational intelligence and neuroscience},
  volume={2009},
  year={2009},
  publisher={Hindawi Publishing Corporation}
}
